<collection xmlns="http://www.loc.gov/MARC21/slim">
<record>
  <leader>01191nam0a2200253 i 450 </leader>
  <controlfield tag="001">IT\ICCU\CNCE\019449</controlfield>
  <controlfield tag="005">20150701000000.0</controlfield>
  <datafield tag="012" ind1=" " ind2=" ">
    <subfield code="a">r-e- s.et t,s. PhCo (3) 1587 (R)</subfield>
    <subfield code="2">fei</subfield>
  </datafield>
  <datafield tag="100" ind1=" " ind2=" ">
    <subfield code="a">19970101d1587        0itac0103    ba</subfield>
  </datafield>
  <datafield tag="101" ind1=" " ind2=" ">
    <subfield code="a">LAT</subfield>
  </datafield>
  <datafield tag="102" ind1=" " ind2=" ">
    <subfield code="a">IT</subfield>
  </datafield>
  <datafield tag="200" ind1="1" ind2=" ">
    <subfield code="a">De musa pedestri Publii Fontanae carmen, quo Q. Horatij Flacci epistolae a nonnullis male acceptae vindicantur</subfield>
  </datafield>
  <datafield tag="210" ind1=" " ind2=" ">
    <subfield code="a">Bergomi</subfield>
    <subfield code="c">typis Comini Venturae et sociorum</subfield>
    <subfield code="d">1587</subfield>
  </datafield>
  <datafield tag="215" ind1=" " ind2=" ">
    <subfield code="a">22, \2! p.</subfield>
    <subfield code="d">4ʻ</subfield>
  </datafield>
  <datafield tag="620" ind1=" " ind2=" ">
    <subfield code="a">IT</subfield>
    <subfield code="d">Bergamo</subfield>
  </datafield>
  <datafield tag="700" ind1=" " ind2="1">
    <subfield code="a">Fontana,</subfield>
    <subfield code="b">Marco Publio</subfield>
    <subfield code="3">IT\ICCU\CNCA\005480</subfield>
  </datafield>
  <datafield tag="712" ind1="0" ind2="0">
    <subfield code="a">Ventura, Comino &amp; C.</subfield>
    <subfield code="3">IT\ICCU\CNCT\002858</subfield>
    <subfield code="4">650</subfield>
  </datafield>
  <datafield tag="801" ind1=" " ind2="3">
    <subfield code="a">IT</subfield>
    <subfield code="b">ICCU</subfield>
    <subfield code="c">20201114</subfield>
  </datafield>
  <datafield tag="899" ind1=" " ind2=" ">
    <subfield code="a">Biblioteca civica A. Mai. Bergamo</subfield>
    <subfield code="1">BG0026</subfield>
    <subfield code="2">LO1 02</subfield>
  </datafield>
  <datafield tag="899" ind1=" " ind2=" ">
    <subfield code="a">Biblioteca di Casa Carducci. Bologna</subfield>
    <subfield code="1">BO0283</subfield>
    <subfield code="2">UBO GC</subfield>
  </datafield>
  <datafield tag="899" ind1=" " ind2=" ">
    <subfield code="a">Biblioteca nazionale Vittorio Emanuele III. Napoli</subfield>
    <subfield code="1">NA0079</subfield>
    <subfield code="2">NAP BN</subfield>
  </datafield>
  <datafield tag="899" ind1=" " ind2=" ">
    <subfield code="a">Biblioteca nazionale Marciana. Venezia</subfield>
    <subfield code="1">VE0049</subfield>
    <subfield code="2">VEA BM</subfield>
  </datafield>
  <datafield tag="911" ind1=" " ind2=" ">
    <subfield code="a">sul front.</subfield>
    <subfield code="9">IT\ICCU\CNCM\000038</subfield>
  </datafield>
  <datafield tag="921" ind1=" " ind2=" ">
    <subfield code="a">IT\ICCU\CNCM\000038</subfield>
    <subfield code="b">Fortuna (donna in mare su delfino con vela al vento). Sole sullo sfondo.</subfield>
    <subfield code="e">Bona fortunae.</subfield>
    <subfield code="c">V3</subfield>
    <subfield code="c">Z572</subfield>
    <subfield code="d">Dimensioni: 6,8 x 7,8</subfield>
    <subfield code="f">BONAFORTUN</subfield>
    <subfield code="f">DELFINO</subfield>
    <subfield code="f">FORTUNA</subfield>
    <subfield code="f">SOLE</subfield>
    <subfield code="f">VELA</subfield>
    <subfield code="g">1581-1600</subfield>
  </datafield>
</record>
</collection>
